<record><leader>00000cas a2200000 a 4500</leader><controlfield tag="001">57718832</controlfield><controlfield tag="007">hd afb020bucu</controlfield><controlfield tag="007">hd bfb020bubu</controlfield><controlfield tag="008">050223d19601980wauwr nea     0    0eng c</controlfield><datafield ind1=" " ind2=" " tag="010"><subfield code="a">  2005252072</subfield></datafield><datafield ind1=" " ind2=" " tag="040"><subfield code="a">WAU</subfield><subfield code="b">eng</subfield><subfield code="c">WAU</subfield><subfield code="d">OCLCQ</subfield><subfield code="d">OCLCF</subfield><subfield code="d">OCLCO</subfield></datafield><datafield ind1="1" ind2=" " tag="029"><subfield code="a">AU@</subfield><subfield code="b">000026750960</subfield></datafield><datafield ind1=" " ind2=" " tag="042"><subfield code="a">pcc</subfield></datafield><datafield ind1=" " ind2=" " tag="043"><subfield code="a">n-us-wa</subfield></datafield><datafield ind1="0" ind2=" " tag="130"><subfield code="a">Stanwood news (Stanwood, Wash. : 1960)</subfield></datafield><datafield ind1="1" ind2="0" tag="245"><subfield code="a">Stanwood news</subfield><subfield code="h">[microform].</subfield></datafield><datafield ind1=" " ind2=" " tag="260"><subfield code="a">Stanwood, Wash. :</subfield><subfield code="b">Stanwood Pub. Co.</subfield></datafield><datafield ind1=" " ind2=" " tag="300"><subfield code="a">v. :</subfield><subfield code="b">ill.</subfield></datafield><datafield ind1=" " ind2=" " tag="310"><subfield code="a">Weekly</subfield></datafield><datafield ind1="1" ind2=" " tag="362"><subfield code="a">Began in 1960.</subfield></datafield><datafield ind1="0" ind2=" " tag="362"><subfield code="a">-76th year, no. 18 (Oct. 19, 1980).</subfield></datafield><datafield ind1=" " ind2=" " tag="588"><subfield code="a">Description based on: 58th year, no. 6 (Aug. 11, 1960).</subfield></datafield><datafield ind1=" " ind2=" " tag="533"><subfield code="a">Microfilm.</subfield><subfield code="b">[Seattle, Wash.] :</subfield><subfield code="c">Filmed by University of Washington Library.</subfield><subfield code="e">microfilm reels ; 35 mm.</subfield><subfield code="n">Filmed with other titles.</subfield></datafield><datafield ind1=" " ind2="0" tag="651"><subfield code="a">Stanwood (Wash.)</subfield><subfield code="v">Newspapers.</subfield></datafield><datafield ind1=" " ind2="7" tag="655"><subfield code="a">Newspapers.</subfield><subfield code="2">fast</subfield><subfield code="0">(OCoLC)fst01423814</subfield></datafield><datafield ind1=" " ind2="7" tag="651"><subfield code="a">Washington (State)</subfield><subfield code="z">Stanwood.</subfield><subfield code="2">fast</subfield><subfield code="0">(OCoLC)fst01249971</subfield></datafield><datafield ind1=" " ind2=" " tag="752"><subfield code="a">United States</subfield><subfield code="b">Washington</subfield><subfield code="c">Snohomish</subfield><subfield code="d">Stanwood.</subfield></datafield><datafield ind1="1" ind2=" " tag="776"><subfield code="c">Original</subfield><subfield code="w">(DLC)sn 88085245</subfield><subfield code="w">(OCoLC)17360168</subfield></datafield><datafield ind1="0" ind2="0" tag="780"><subfield code="t">Twin City news</subfield><subfield code="w">(DLC)  2005252070</subfield></datafield><datafield ind1="0" ind2="0" tag="785"><subfield code="t">Stanwood/Camano news</subfield></datafield></record>